<record><leader>00000cas a22000007a 4500</leader><controlfield tag="001">11148520</controlfield><controlfield tag="008">840913u1886uuuupaudn ne      0   a0eng c</controlfield><datafield ind1=" " ind2=" " tag="010"><subfield code="a">sn 84024544 </subfield></datafield><datafield ind1=" " ind2=" " tag="040"><subfield code="a">NPV</subfield><subfield code="b">eng</subfield><subfield code="c">NPV</subfield><subfield code="d">NPH</subfield><subfield code="d">DLC</subfield><subfield code="d">NSD</subfield><subfield code="d">NPH</subfield><subfield code="d">DLC</subfield><subfield code="d">CUS</subfield><subfield code="d">OCLCQ</subfield><subfield code="d">OCLCF</subfield></datafield><datafield ind1="1" ind2=" " tag="022"><subfield code="a">1050-267X</subfield><subfield code="l">1050-267X</subfield><subfield code="2">1</subfield></datafield><datafield ind1="1" ind2=" " tag="029"><subfield code="a">AU@</subfield><subfield code="b">000020338263</subfield></datafield><datafield ind1="1" ind2=" " tag="029"><subfield code="a">NZ1</subfield><subfield code="b">16076205</subfield></datafield><datafield ind1=" " ind2=" " tag="032"><subfield code="a">696120</subfield><subfield code="b">USPS</subfield></datafield><datafield ind1=" " ind2=" " tag="037"><subfield code="a">The York Dispatch, PO Box 2807, York, PA 17405</subfield></datafield><datafield ind1=" " ind2=" " tag="042"><subfield code="a">pcc</subfield><subfield code="a">nsdp</subfield></datafield><datafield ind1="0" ind2="0" tag="050"><subfield code="a">Newspaper 7002</subfield></datafield><datafield ind1="0" ind2=" " tag="130"><subfield code="a">York dispatch (York, Pa.)</subfield></datafield><datafield ind1=" " ind2="4" tag="222"><subfield code="a">The York dispatch</subfield></datafield><datafield ind1="0" ind2="4" tag="245"><subfield code="a">The York dispatch.</subfield></datafield><datafield ind1="3" ind2="0" tag="246"><subfield code="a">Dispatch</subfield></datafield><datafield ind1="1" ind2="3" tag="246"><subfield code="a">York evening dispatch</subfield></datafield><datafield ind1=" " ind2=" " tag="260"><subfield code="a">York, Pa. :</subfield><subfield code="b">H. Young,</subfield><subfield code="c">1886-</subfield></datafield><datafield ind1=" " ind2=" " tag="300"><subfield code="a">v.</subfield></datafield><datafield ind1=" " ind2=" " tag="310"><subfield code="a">Daily (except Sunday)</subfield></datafield><datafield ind1="0" ind2=" " tag="362"><subfield code="a">Vol. 20, no. 55 (Feb. 2, 1886)-</subfield></datafield><datafield ind1=" " ind2=" " tag="500"><subfield code="a">The word "evening" appears in logo of Feb. 2, 1886 issue.</subfield></datafield><datafield ind1=" " ind2=" " tag="500"><subfield code="a">"A Republican evening newspaper."</subfield></datafield><datafield ind1=" " ind2=" " tag="500"><subfield code="a">Published: York Newspapers, &lt;Mar. 2, 1990-&gt;</subfield></datafield><datafield ind1=" " ind2="0" tag="651"><subfield code="a">York (Pa.)</subfield><subfield code="v">Newspapers.</subfield></datafield><datafield ind1=" " ind2="0" tag="651"><subfield code="a">York County (Pa.)</subfield><subfield code="v">Newspapers.</subfield></datafield><datafield ind1=" " ind2="7" tag="655"><subfield code="a">Newspapers.</subfield><subfield code="2">fast</subfield><subfield code="0">(OCoLC)fst01423814</subfield></datafield><datafield ind1=" " ind2="7" tag="651"><subfield code="a">Pennsylvania</subfield><subfield code="z">York.</subfield><subfield code="2">fast</subfield><subfield code="0">(OCoLC)fst01202834</subfield></datafield><datafield ind1=" " ind2="7" tag="651"><subfield code="a">Pennsylvania</subfield><subfield code="z">York County.</subfield><subfield code="2">fast</subfield><subfield code="0">(OCoLC)fst01214906</subfield></datafield><datafield ind1=" " ind2=" " tag="752"><subfield code="a">United States</subfield><subfield code="b">Pennsylvania</subfield><subfield code="c">York</subfield><subfield code="d">York.</subfield></datafield><datafield ind1="0" ind2=" " tag="775"><subfield code="t">Morning journal (York, Pa.)</subfield><subfield code="w">(OCoLC)21583681</subfield></datafield><datafield ind1="0" ind2="8" tag="776"><subfield code="i">Online version:</subfield><subfield code="t">York dispatch (York, Pa. : Online)</subfield><subfield code="w">(OCoLC)61313411</subfield></datafield><datafield ind1="0" ind2="0" tag="780"><subfield code="t">Evening dispatch (York, Pa. : 1878)</subfield><subfield code="w">(OCoLC)13511845</subfield><subfield code="w">(DLC)sn 87078391</subfield></datafield><datafield ind1=" " ind2=" " tag="936"><subfield code="a">Vol. 229, no. 81 (Mar. 2, 1990) LIC</subfield></datafield></record>